% Encoding: UTF-8

@Article{CSTVCT,
  author  = {Mrs.A.Vanitha Katherine, Dr. K. Alagarsamy},
  title   = {Conventional software testing vs cloud testing.},
  journal = {International Journal Of Scientific \& Engineering Research},
  year    = {2012},
  volume  = {3},
  number  = {9},
  month   = sep,
  issn    = {2229-5518},
}

@Article{STBOCC,
  author = {Wang Jun, Fanpeng Meng},
  title  = {Software testing based on cloud computing.},
  year   = {2011},
  note   = {978-0-7695-4539-4},
}

@Article{BITCWISCACB,
  author  = {Enno Folkerts, Alexander Alexandrov, Kai Sachs, Alexandru Iosup, Volker Markl, and Cafer Tosun},
  title   = {Benchmarking in the cloud: what it should, can, and cannot be},
  journal = {Springer-Verlag Berlin Heidelberg},
  year    = {2013},
  note    = {TPCTC 2012, LNCS 7755},
}

@Article{WTMSYYYC,
  author  = {Tauhida Parveen, Scott Tilley},
  title   = {When to migrate software testing to the cloud?},
  journal = {Third International Conference on Software Testing, Verification, and Validation Workshops},
  year    = {2010},
  note    = {DOI 10.1109/ICSTW.2010.77 IEEE},
}

@Comment{jabref-meta: databaseType:bibtex;}
